
@Conference{DevalRivetVeyrac2015,
  Title                    = {Design by Mathematics of Full Software Radio circuits and systems: methodology and application to 5{G} standard},
  Author                   = {Deval, Y. and Rivet, F. and Veyrac, Y.},
  Booktitle                = {European Microwave Week (EuMW), short course SCS03, Paris},
  Year                     = {6th Sept. 2015},
  Journal                  = {EuMW}
}


@Conference{MaroldtBruecknerQuayEtAl2014,
  Title                    = {A microwave high-power {G}a{N} transistor with highly-integrated active digital switch-mode driver circuit},
  Author                   = {Maroldt, S. and Br\"uckner, P. and Quay, R. and Ambacher, O.},
  Booktitle                = {IEEE MTT-S Int. Microw. Symp. (IMS2014)},
  Year                     = {2014},
  Pages                    = {1 - 4}
}


@Conference{VeyracRivetDevalEtAl2014,
  Title                    = {The Riemann Pump: a Concurrent Transmitter in {G}a{N} Technology},
  Author                   = {Veyrac, Y. and Rivet, F. and Deval, Y. and Dallet, D. and Garrec, P. and Montigny, R.},
  Booktitle                = {IEEE Int. Conf. Electron. Circ. and Systems (ICECS)},
  Year                     = {2014},
  Pages                    = {594 - 597},
  Journal                  = {IEEE Int. Conf. Electron. Circ. and Systems (ICECS)}
}

@Conference{VeyracRivetDevalEtAl2016,
  Title                    = {A 65 nm {CMOS DAC} Based on a Differentiating Arbitrary Waveform Generator Architecture for 5{G} Handset Transmitter},
  Author                   = {Veyrac, Y. and Rivet, F. and Deval, Y. and Dallet, D. and Garrec, P. and Montigny, R.},
  Booktitle                = {IEEE Trans. Circuits Syst. II, Exp. Briefs},
  Year                     = {2016},
  Number                   = {1},
  Pages                    = {104 - 108},
  Volume                   = {63},
  Journal                  = {IEEE Trans. Circuits Syst. II, Exp. Briefs,  Vol. 63 and No. 1 and January 2016}
}


@INPROCEEDINGS{MaroldtDriverConcept,
author={S. Maroldt and C. Haupt and R. Kiefer and W. Bronner and S. Mueller and W. Benz and R. Quay and O. Ambacher},
booktitle={IEEE Compound Semicond. Integr. Circuit Symp. (CSIC)},
title={High Efficiency Digital {GaN MMIC} Power Amplifiers for Future Switch-Mode Based Mobile Communication Systems},
year={2009},
pages={1-4},
keywords={HEMT integrated circuits;III-V semiconductors;MMIC power amplifiers;field effect digital integrated circuits;gallium compounds;integrated circuit design;mobile communication;wide band gap semiconductors;GaN;HEMT technology;band pass delta-sigma class-S input signal;bit rate;bit rate 3.6 Gbit/s;bit rate 8 Gbit/s;class-D operation;class-S operation;digital MMIC power amplifier;drain efficiency;efficiency 62 percent;efficiency 70 percent;frequency 0.9 GHz;frequency 2 GHz;frequency 32 GHz;high electron mobility transistor;monolithic microwave integrated circuit;output power;power 4.4 W;size 0.25 mum;size 1.2 mm;switch-mode based mobile communication systems;Bit rate;Communication switching;Driver circuits;Gallium nitride;HEMTs;High power amplifiers;MMICs;Mobile communication;Power generation;Switches},
doi={10.1109/csics.2009.5315720},
ISSN={1550-8781},
month={Oct},}

